%% LaTeX2e file `references.bib'
%% generated by the `filecontents' environment
%% from source `371paper_MiuDorsey' on 2016/05/15.
%%
@book{riesel,
title = {{P}rime {N}umbers and {C}omputer {M}ethods for {F}actorization},
edition = {2},
author = {Riesel, Hans},
publisher = {Birkhauser Boston},
year = {1994},
isbn = {0-8176-3743-5}
}

@book{crandall,
title = {{P}rime {N}umbers: {A} {C}omputational {P}erspective},
edition = {2},
author = {Crandall, Richard and Pomerance, Carl},
publisher = {Springer},
year = {2005},
isbn = {0-387-25282-7}
}

@book{koblitz,
title = {{A} {C}ourse in {N}umber {T}heory and {C}ryptography},
edition = {2},
author = {Koblitz, Neal},
publisher = {Springer},
year = {1994},
isbn = { 0-387-94293-9}
}

@book{giblin,
title = {{P}rimes and {P}rogramming: {A}n {I}ntroduction to {N}umber {T}heory with {C}omputing},
edition = {2},
author = {Giblin, Peter},
publisher = {Cambridge University Press},
year = {1993},
isbn = {0-521-40182-8}

@book{niven,
title = {{A}n {I}ntroduction to the {T}heory of {N}umbers},
edition = {5},
author = {Niven, Ivan and Zuckerman, Herbert and Montgomery, Hugh},
publisher = {John Wiley and Sons},
year = {1991},
isbn = {0-471-62546-9}

@article{historyref,
author =       {Richard A. Mollin},
title =        {{A} {B}rief {H}istory of {F}actoring and {P}rimality {T}esting {B}efore {C}omputers},
 journal =      {Mathematics Magazine},
 volume =       {75},
 number =       {1},
 pages =        {18-29},
 year =         {2002},
 url =    {http://www.jstor.org/stable/3219180}
}

}
